@book{matrixGolub,
    author = { Golub, Gene H. AND Van Loan, Charles F. },
    title = { Matrix computations },
    edition = { 3. ed. } ,
    publisher = {Johns Hopkins Univ. Pr.},
    isbn = {0801854148},
    year = {1996},
    url = { https://katalog.slub-dresden.de/id/0-197761291 }
}

@book{optimierungBurkhard,
    author = { Burkard, Rainer E. AND Zimmermann, Uwe },
    title = { Einführung in die mathematische Optimierung },
    publisher = {Springer Spektrum},
    isbn = {9783642286728},
    year = {2012},
    url = { https://katalog.slub-dresden.de/id/0-688968007 }
}

@book{numerikGrossmann,
    author = { Großmann, Christian AND Roos, Hans-Görg },
    title = { Numerik partieller Differentialgleichungen },
    publisher = {Teubner},
    isbn = {3519020890},
    year = {1992},
    url = { https://katalog.slub-dresden.de/id/0-02750820X }
}

@book {maschinendynamikDresig,
    author = { Dresig, Hans AND Holzweißig, Franz Rockhausen, Ludwig },
    title = { Maschinendynamik },
    edition = { 10., neu bearb. Aufl. } ,
    publisher = {Springer},
    isbn = {3642160093},
    isbn = {9783642160097},
    year = {c 2011},
    url = { https://katalog.slub-dresden.de/id/0-642805539 }
}

@inproceedings{hauptteilTkachuk,
    title={Weighted Eigenvalue Counts on Intervals for Spectrum Optimization},
    author={Tkachuk, Anton und Tkachuk, Mykola},
    booktitle={International Conference on Advanced Mechanical and Power Engineering},
    pages={228--237},
    year={2021},
    organization={Springer}
}

@article{grundlageFutamura,
    title={Parallel stochastic estimation method of eigenvalue distribution},
    author={Futamura, Yasunori und Tadano, Hiroto und Sakurai, Tetsuya},
    journal={JSIAM Letters},
    volume={2},
    pages={127--130},
    year={2010},
    publisher={The Japan Society for Industrial and Applied Mathematics}
}