@book{matrixGolub,
    author = { Golub, Gene H. and Van Loan, Charles F. },
    title = { Matrix computations },
    edition = { 3. ed. } ,
    publisher = {Johns Hopkins Univ. Pr.},
    isbn = {0801854148},
    year = {1996},
    url = { https://katalog.slub-dresden.de/id/0-197761291 }
}

@book{optimierungBurkhard,
    author = { Burkard, Rainer E. and Zimmermann, Uwe },
    title = { Einführung in die mathematische Optimierung },
    publisher = {Springer Spektrum},
    isbn = {9783642286728},
    year = {2012},
    url = { https://katalog.slub-dresden.de/id/0-688968007 }
}

@book{projektionJarre,
    author={Jarre, Florian and Stoer, Josef},
    title={Projektionsverfahren},
    bookTitle={Optimierung: Einführung in mathematische Theorie und Methoden},
    year={2019},
    publisher={Springer Berlin Heidelberg},
    isbn="978-3-662-58855-0",
    doi="10.1007/978-3-662-58855-0_10",
    url="https://doi.org/10.1007/978-3-662-58855-0_10"
}

@book{numerikGrossmann,
    author = { Großmann, Christian and Roos, Hans-Görg },
    title = { Numerik partieller Differentialgleichungen },
    publisher = {Teubner},
    isbn = {3519020890},
    year = {1992},
    url = { https://katalog.slub-dresden.de/id/0-02750820X }
}

@book {maschinendynamikDresig,
    author = { Dresig, Hans and Holzweißig, Franz and Rockhausen, Ludwig },
    title = { Maschinendynamik },
    edition = { 10., neu bearb. Aufl. } ,
    publisher = {Springer},
    isbn = {3642160093},
    isbn = {9783642160097},
    year = {2011},
    url = { https://katalog.slub-dresden.de/id/0-642805539 }
}

@inproceedings{hauptteilTkachuk,
    title={Weighted Eigenvalue Counts on Intervals for Spectrum Optimization},
    author={Tkachuk, Anton and Tkachuk, Mykola},
    booktitle={International Conference on Advanced Mechanical and Power Engineering},
    pages={228--237},
    year={2021},
    organization={Springer}
}

@article{grundlageFutamura,
    title={Parallel stochastic estimation method of eigenvalue distribution},
    author={Futamura, Yasunori and Tadano, Hiroto and Sakurai, Tetsuya},
    journal={JSIAM Letters},
    volume={2},
    pages={127--130},
    year={2010},
    publisher={The Japan Society for Industrial and Applied Mathematics}
}

@inproceedings{hutch++Meyer,
    title={Hutch++: Optimal stochastic trace estimation},
    author={Meyer, Raphael A and Musco, Cameron and Musco, Christopher and Woodruff, David P},
    booktitle={Symposium on Simplicity in Algorithms (SOSA)},
    pages={142--155},
    year={2021},
    organization={SIAM}
}

@article{traceApproxHutchinson,
    title={A stochastic estimator of the trace of the influence matrix for Laplacian smoothing splines},
    author={Hutchinson, Michael F},
    journal={Communications in Statistics-Simulation and Computation},
    volume={18},
    number={3},
    pages={1059--1076},
    year={1989},
    publisher={Taylor \& Francis}
}

@article{synthesizeMatricesRoss,
    title={An Algorithm for Synthesizing Mass and Stiffness Matrices From Experimental Vibration Modes},
    author={Ross Jr, RG},
    journal={JPL Quart. Tech. Rev.},
    volume={2},
    number={3},
    year={1972}
}